@inproceedings{design,
  title={Design requirements for technologies that encourage physical activity},
  author={Consolvo, Sunny and Everitt, Katherine and Smith, Ian and Landay, James A},
  booktitle={Proceedings of the SIGCHI conference on Human Factors in computing systems},
  pages={457--466},
  year={2006},
  organization={ACM}
}
@inproceedings{ubifit,
  title={Activity sensing in the wild: a field trial of ubifit garden},
  author={Consolvo, Sunny and McDonald, David W and Toscos, Tammy and Chen, Mike Y and Froehlich, Jon and Harrison, Beverly and Klasnja, Predrag and LaMarca, Anthony and LeGrand, Louis and Libby, Ryan and others},
  booktitle={Proceedings of the SIGCHI Conference on Human Factors in Computing Systems},
  pages={1797--1806},
  year={2008},
  organization={ACM}
}
@article{obesity,
  title={Combating obesity trends in teenagers through persuasive mobile technology},
  author={Arteaga, Sonia M and Kudeki, Mo and Woodworth, Adrienne},
  journal={ACM SIGACCESS Accessibility and Computing},
  number={94},
  pages={17--25},
  year={2009},
  publisher={ACM}
}
@inproceedings{movipill,
  title={MoviPill: improving medication compliance for elders using a mobile persuasive social game},
  author={de Oliveira, Rodrigo and Cherubini, Mauro and Oliver, Nuria},
  booktitle={Proceedings of the 12th ACM international conference on Ubiquitous computing},
  pages={251--260},
  year={2010},
  organization={ACM}
}
@inproceedings{ubigreen,
  title={UbiGreen: investigating a mobile tool for tracking and supporting green transportation habits},
  author={Froehlich, Jon and Dillahunt, Tawanna and Klasnja, Predrag and Mankoff, Jennifer and Consolvo, Sunny and Harrison, Beverly and Landay, James A},
  booktitle={Proceedings of the SIGCHI Conference on Human Factors in Computing Systems},
  pages={1043--1052},
  year={2009},
  organization={ACM}
}
@article{saha2003pervasive,
  title={Pervasive computing: a paradigm for the 21st century},
  author={Saha, Debashis and Mukherjee, Amitava},
  journal={Computer},
  volume={36},
  number={3},
  pages={25--31},
  year={2003},
  publisher={IEEE}
}
@article{satyanarayanan2001pervasive,
  title={Pervasive computing: Vision and challenges},
  author={Satyanarayanan, Mahadev},
  journal={Personal Communications, IEEE},
  volume={8},
  number={4},
  pages={10--17},
  year={2001},
  publisher={IEEE}
}
@book{fogg2003persuasive,
  title={Persuasive Technology: Using Computers to Change What We Think and Do},
  author={Fogg, BJ},
  year={2003},
  publisher={Morgan Kaufmann}
}
@inproceedings{hamari2013social,
  title={Social motivations to use gamification: an empirical study of gamifying exercise},
  author={Hamari, Juho and Koivisto, Jonna},
  booktitle={Proc. of ECIS},
  year={2013}
}
@article{oinas2009persuasive,
  title={Persuasive Systems Design: Key Issues, Process Model, and System Features},
  author={Oinas-Kukkonen, Harri and Harjumaa, Marja},
  journal={Communications of the Association for Information Systems},
  volume={24},
  number={1},
  pages={28},
  year={2009}
}
@inproceedings{deterding2011gamification,
  title={Gamification. using game-design elements in non-gaming contexts},
  author={Deterding, Sebastian and Sicart, Miguel and Nacke, Lennart and O'Hara, Kenton and Dixon, Dan},
  booktitle={PART 2-----------Proceedings of the 2011 annual conference extended abstracts on Human factors in computing systems},
  pages={2425--2428},
  year={2011},
  organization={ACM}
}
