@inproceedings{Erich:2014:CIS:2652524.2652598,
 author = {Erich, Floris and Amrit, Chintan and Daneva, Maya},
 title = {Cooperation Between Information System Development and Operations: A Literature Review},
 booktitle = {Proceedings of the 8th ACM/IEEE International Symposium on Empirical Software Engineering and Measurement},
 series = {ESEM '14},
 year = {2014},
 isbn = {978-1-4503-2774-9},
 location = {Torino, Italy},
 pages = {69:1--69:1},
 articleno = {69},
 numpages = {1},
 url = {http://doi.acm.org/10.1145/2652524.2652598},
 doi = {10.1145/2652524.2652598},
 acmid = {2652598},
 publisher = {ACM},
 address = {New York, NY, USA},
 keywords = {DevOps, automation, cloud computing, continuous delivery, culture, development, measurement, operations, service oriented architecture, services, sharing},
}