@incollection{smeds15,
year={2015},
%isbn={978-3-319-18611-5},
booktitle={Agile Processes, in Software Engineering, and Extreme Programming},
volume={212},
series={Lecture Notes in Business Information Processing},
editor={Lassenius, Casper and Dings√∏yr, Torgeir and Paasivaara, Maria},
%doi={10.1007/978-3-319-18612-2_14},
title={DevOps: A Definition and Perceived Adoption Impediments},
%url={http://dx.doi.org/10.1007/978-3-319-18612-2_14},
publisher={Springer International Publishing},
author={Smeds, Jens and Nybom, Kristian and Porres, Ivan},
pages={166-177},
language={English}
}
